@article{cardelli,
    author = {Luca Cardelli},
    title = {Basic polymorphic typechecking},
    journal = {Science of Computer Programming},
    year = {1987},
    volume = {8},
    pages = {147--172}
}
